@book{robert:padic-analysis,
	author = {Robert, Alain M.},
	title = {A Course in $p$-adic Analysis},
	publisher = {Springer},
	date = {2000},
	location = {New York},
}

@book{koblitz:padic-numbers,
	author = {Koblitz, Neal},
	title = {$p$-adic Numbers, $p$-adic Analysis, and Zeta-Functions},
	publisher = {Springer},
	date = {1977},
	%location = {New York},
}

@book{bourbaki:topologie,
	author = {Bourbaki, N.},
	title = {Topologie Générale},
	publisher = {Hermann},
	date = {1974},
	location = {Paris},
	hyphenation = {french},
}

@online{chen:padics,
	author = {Chen, Yuchen},
	title = {$P$-adics, Hensel's lemma and Strassman's theorem},
	date = {2018},
	url = {https://math.uchicago.edu/~may/REU2018/REUPapers/Chen,Yuchen.pdf},
	%organization = {University of Chicago},
}
@online{michon:padic-arithmetic,
	author = {Michon, Gérard P.},
	title = {\padic Arithmetic},
	url = {http://numericana.com/answer/p-adic.htm#decimal},
}
@online{thorne:teichmuller,
	author = {Thorne, Jack A.},
	title = {\padic analysis, \padic arithmetic},
	url = {https://www.dpmms.cam.ac.uk/~jat58/all.pdf},
}
@online{conrad:algebraic-closure,
	author = {Conrad, Brian},
	title = {{\scshape Completion of Algebraic Closure}},
	url = {http://math.stanford.edu/~conrad/248APage/handouts/algclosurecomp.pdf},
}
